%YAML 1.1
%TAG !u! tag:unity3d.com,2011:
--- !u!29 &1
OcclusionCullingSettings:
  m_ObjectHideFlags: 0
  serializedVersion: 2
  m_OcclusionBakeSettings:
    smallestOccluder: 5
    smallestHole: 0.25
    backfaceThreshold: 100
  m_SceneGUID: 00000000000000000000000000000000
  m_OcclusionCullingData: {fileID: 0}
--- !u!104 &2
RenderSettings:
  m_ObjectHideFlags: 0
  serializedVersion: 9
  m_Fog: 0
  m_FogColor: {r: 0.5, g: 0.5, b: 0.5, a: 1}
  m_FogMode: 3
  m_FogDensity: 0.01
  m_LinearFogStart: 0
  m_LinearFogEnd: 300
  m_AmbientSkyColor: {r: 0.212, g: 0.227, b: 0.259, a: 1}
  m_AmbientEquatorColor: {r: 0.114, g: 0.125, b: 0.133, a: 1}
  m_AmbientGroundColor: {r: 0.047, g: 0.043, b: 0.035, a: 1}
  m_AmbientIntensity: 1
  m_AmbientMode: 3
  m_SubtractiveShadowColor: {r: 0.42, g: 0.478, b: 0.627, a: 1}
  m_SkyboxMaterial: {fileID: 0}
  m_HaloStrength: 0.5
  m_FlareStrength: 1
  m_FlareFadeSpeed: 3
  m_HaloTexture: {fileID: 0}
  m_SpotCookie: {fileID: 10001, guid: 0000000000000000e000000000000000, type: 0}
  m_DefaultReflectionMode: 0
  m_DefaultReflectionResolution: 128
  m_ReflectionBounces: 1
  m_ReflectionIntensity: 1
  m_CustomReflection: {fileID: 0}
  m_Sun: {fileID: 0}
  m_IndirectSpecularColor: {r: 0, g: 0, b: 0, a: 1}
  m_UseRadianceAmbientProbe: 0
--- !u!157 &4
LightmapSettings:
  m_ObjectHideFlags: 0
  serializedVersion: 11
  m_GIWorkflowMode: 1
  m_GISettings:
    serializedVersion: 2
    m_BounceScale: 1
    m_IndirectOutputScale: 1
    m_AlbedoBoost: 1
    m_EnvironmentLightingMode: 0
    m_EnableBakedLightmaps: 0
    m_EnableRealtimeLightmaps: 0
  m_LightmapEditorSettings:
    serializedVersion: 12
    m_Resolution: 2
    m_BakeResolution: 40
    m_AtlasSize: 1024
    m_AO: 0
    m_AOMaxDistance: 1
    m_CompAOExponent: 0
    m_CompAOExponentDirect: 0
    m_ExtractAmbientOcclusion: 0
    m_Padding: 2
    m_LightmapParameters: {fileID: 0}
    m_LightmapsBakeMode: 1
    m_TextureCompression: 1
    m_FinalGather: 0
    m_FinalGatherFiltering: 1
    m_FinalGatherRayCount: 1024
    m_ReflectionCompression: 2
    m_MixedBakeMode: 1
    m_BakeBackend: 0
    m_PVRSampling: 1
    m_PVRDirectSampleCount: 32
    m_PVRSampleCount: 500
    m_PVRBounces: 2
    m_PVREnvironmentSampleCount: 500
    m_PVREnvironmentReferencePointCount: 2048
    m_PVRFilteringMode: 0
    m_PVRDenoiserTypeDirect: 0
    m_PVRDenoiserTypeIndirect: 0
    m_PVRDenoiserTypeAO: 0
    m_PVRFilterTypeDirect: 0
    m_PVRFilterTypeIndirect: 0
    m_PVRFilterTypeAO: 0
    m_PVREnvironmentMIS: 0
    m_PVRCulling: 1
    m_PVRFilteringGaussRadiusDirect: 1
    m_PVRFilteringGaussRadiusIndirect: 5
    m_PVRFilteringGaussRadiusAO: 2
    m_PVRFilteringAtrousPositionSigmaDirect: 0.5
    m_PVRFilteringAtrousPositionSigmaIndirect: 2
    m_PVRFilteringAtrousPositionSigmaAO: 1
    m_ExportTrainingData: 0
    m_TrainingDataDestination: TrainingData
    m_LightProbeSampleCountMultiplier: 4
  m_LightingDataAsset: {fileID: 0}
  m_UseShadowmask: 0
--- !u!196 &5
NavMeshSettings:
  serializedVersion: 2
  m_ObjectHideFlags: 0
  m_BuildSettings:
    serializedVersion: 2
    agentTypeID: 0
    agentRadius: 0.5
    agentHeight: 2
    agentSlope: 45
    agentClimb: 0.4
    ledgeDropHeight: 0
    maxJumpAcrossDistance: 0
    minRegionArea: 2
    manualCellSize: 0
    cellSize: 0.16666667
    manualTileSize: 0
    tileSize: 256
    accuratePlacement: 0
    debug:
      m_Flags: 0
  m_NavMeshData: {fileID: 0}
--- !u!1 &285009079
GameObject:
  m_ObjectHideFlags: 0
  m_CorrespondingSourceObject: {fileID: 0}
  m_PrefabInstance: {fileID: 0}
  m_PrefabAsset: {fileID: 0}
  serializedVersion: 6
  m_Component:
  - component: {fileID: 285009083}
  - component: {fileID: 285009082}
  - component: {fileID: 285009081}
  - component: {fileID: 285009080}
  m_Layer: 0
  m_Name: CanvasDemo
  m_TagString: Untagged
  m_Icon: {fileID: 0}
  m_NavMeshLayer: 0
  m_StaticEditorFlags: 0
  m_IsActive: 1
--- !u!114 &285009080
MonoBehaviour:
  m_ObjectHideFlags: 0
  m_CorrespondingSourceObject: {fileID: 0}
  m_PrefabInstance: {fileID: 0}
  m_PrefabAsset: {fileID: 0}
  m_GameObject: {fileID: 285009079}
  m_Enabled: 1
  m_EditorHideFlags: 0
  m_Script: {fileID: 11500000, guid: dc42784cf147c0c48a680349fa168899, type: 3}
  m_Name: 
  m_EditorClassIdentifier: 
  m_IgnoreReversedGraphics: 1
  m_BlockingObjects: 0
  m_BlockingMask:
    serializedVersion: 2
    m_Bits: 4294967295
--- !u!114 &285009081
MonoBehaviour:
  m_ObjectHideFlags: 0
  m_CorrespondingSourceObject: {fileID: 0}
  m_PrefabInstance: {fileID: 0}
  m_PrefabAsset: {fileID: 0}
  m_GameObject: {fileID: 285009079}
  m_Enabled: 1
  m_EditorHideFlags: 0
  m_Script: {fileID: 11500000, guid: 0cd44c1031e13a943bb63640046fad76, type: 3}
  m_Name: 
  m_EditorClassIdentifier: 
  m_UiScaleMode: 0
  m_ReferencePixelsPerUnit: 100
  m_ScaleFactor: 1
  m_ReferenceResolution: {x: 800, y: 600}
  m_ScreenMatchMode: 0
  m_MatchWidthOrHeight: 0
  m_PhysicalUnit: 3
  m_FallbackScreenDPI: 96
  m_DefaultSpriteDPI: 96
  m_DynamicPixelsPerUnit: 1
--- !u!223 &285009082
Canvas:
  m_ObjectHideFlags: 0
  m_CorrespondingSourceObject: {fileID: 0}
  m_PrefabInstance: {fileID: 0}
  m_PrefabAsset: {fileID: 0}
  m_GameObject: {fileID: 285009079}
  m_Enabled: 1
  serializedVersion: 3
  m_RenderMode: 0
  m_Camera: {fileID: 0}
  m_PlaneDistance: 100
  m_PixelPerfect: 0
  m_ReceivesEvents: 1
  m_OverrideSorting: 0
  m_OverridePixelPerfect: 0
  m_SortingBucketNormalizedSize: 0
  m_AdditionalShaderChannelsFlag: 25
  m_SortingLayerID: 0
  m_SortingOrder: 0
  m_TargetDisplay: 0
--- !u!224 &285009083
RectTransform:
  m_ObjectHideFlags: 0
  m_CorrespondingSourceObject: {fileID: 0}
  m_PrefabInstance: {fileID: 0}
  m_PrefabAsset: {fileID: 0}
  m_GameObject: {fileID: 285009079}
  m_LocalRotation: {x: 0, y: 0, z: 0, w: 1}
  m_LocalPosition: {x: 0, y: 0, z: 0}
  m_LocalScale: {x: 0, y: 0, z: 0}
  m_Children:
  - {fileID: 1265444661}
  m_Father: {fileID: 0}
  m_RootOrder: 1
  m_LocalEulerAnglesHint: {x: 0, y: 0, z: 0}
  m_AnchorMin: {x: 0, y: 0}
  m_AnchorMax: {x: 0, y: 0}
  m_AnchoredPosition: {x: 0, y: 0}
  m_SizeDelta: {x: 0, y: 0}
  m_Pivot: {x: 0, y: 0}
--- !u!1 &1265444660
GameObject:
  m_ObjectHideFlags: 0
  m_CorrespondingSourceObject: {fileID: 0}
  m_PrefabInstance: {fileID: 0}
  m_PrefabAsset: {fileID: 0}
  serializedVersion: 6
  m_Component:
  - component: {fileID: 1265444661}
  - component: {fileID: 1265444663}
  - component: {fileID: 1265444662}
  m_Layer: 0
  m_Name: Text
  m_TagString: Untagged
  m_Icon: {fileID: 0}
  m_NavMeshLayer: 0
  m_StaticEditorFlags: 0
  m_IsActive: 1
--- !u!224 &1265444661
RectTransform:
  m_ObjectHideFlags: 0
  m_CorrespondingSourceObject: {fileID: 0}
  m_PrefabInstance: {fileID: 0}
  m_PrefabAsset: {fileID: 0}
  m_GameObject: {fileID: 1265444660}
  m_LocalRotation: {x: 0, y: 0, z: 0, w: 1}
  m_LocalPosition: {x: 0, y: 0, z: 0}
  m_LocalScale: {x: 1, y: 1, z: 1}
  m_Children: []
  m_Father: {fileID: 285009083}
  m_RootOrder: 0
  m_LocalEulerAnglesHint: {x: 0, y: 0, z: 0}
  m_AnchorMin: {x: 0.5, y: 1}
  m_AnchorMax: {x: 0.5, y: 1}
  m_AnchoredPosition: {x: 0, y: 0}
  m_SizeDelta: {x: 160, y: 30}
  m_Pivot: {x: 0.5, y: 1}
--- !u!114 &1265444662
MonoBehaviour:
  m_ObjectHideFlags: 0
  m_CorrespondingSourceObject: {fileID: 0}
  m_PrefabInstance: {fileID: 0}
  m_PrefabAsset: {fileID: 0}
  m_GameObject: {fileID: 1265444660}
  m_Enabled: 1
  m_EditorHideFlags: 0
  m_Script: {fileID: 11500000, guid: 5f7201a12d95ffc409449d95f23cf332, type: 3}
  m_Name: 
  m_EditorClassIdentifier: 
  m_Material: {fileID: 0}
  m_Color: {r: 1, g: 1, b: 1, a: 1}
  m_RaycastTarget: 1
  m_OnCullStateChanged:
    m_PersistentCalls:
      m_Calls: []
  m_FontData:
    m_Font: {fileID: 10102, guid: 0000000000000000e000000000000000, type: 0}
    m_FontSize: 14
    m_FontStyle: 0
    m_BestFit: 0
    m_MinSize: 10
    m_MaxSize: 40
    m_Alignment: 0
    m_AlignByGeometry: 0
    m_RichText: 1
    m_HorizontalOverflow: 0
    m_VerticalOverflow: 0
    m_LineSpacing: 1
  m_Text: chain rule
--- !u!222 &1265444663
CanvasRenderer:
  m_ObjectHideFlags: 0
  m_CorrespondingSourceObject: {fileID: 0}
  m_PrefabInstance: {fileID: 0}
  m_PrefabAsset: {fileID: 0}
  m_GameObject: {fileID: 1265444660}
  m_CullTransparentMesh: 0
--- !u!1001 &1901556739
PrefabInstance:
  m_ObjectHideFlags: 0
  serializedVersion: 2
  m_Modification:
    m_TransformParent: {fileID: 0}
    m_Modifications:
    - target: {fileID: 482054, guid: 11528ddb57db2d240b3fc40d3ea780ba, type: 3}
      propertyPath: m_LocalPosition.x
      value: 0
      objectReference: {fileID: 0}
    - target: {fileID: 482054, guid: 11528ddb57db2d240b3fc40d3ea780ba, type: 3}
      propertyPath: m_LocalPosition.y
      value: 0
      objectReference: {fileID: 0}
    - target: {fileID: 482054, guid: 11528ddb57db2d240b3fc40d3ea780ba, type: 3}
      propertyPath: m_LocalPosition.z
      value: 0
      objectReference: {fileID: 0}
    - target: {fileID: 482054, guid: 11528ddb57db2d240b3fc40d3ea780ba, type: 3}
      propertyPath: m_LocalRotation.x
      value: 0
      objectReference: {fileID: 0}
    - target: {fileID: 482054, guid: 11528ddb57db2d240b3fc40d3ea780ba, type: 3}
      propertyPath: m_LocalRotation.y
      value: 0
      objectReference: {fileID: 0}
    - target: {fileID: 482054, guid: 11528ddb57db2d240b3fc40d3ea780ba, type: 3}
      propertyPath: m_LocalRotation.z
      value: 0
      objectReference: {fileID: 0}
    - target: {fileID: 482054, guid: 11528ddb57db2d240b3fc40d3ea780ba, type: 3}
      propertyPath: m_LocalRotation.w
      value: 1
      objectReference: {fileID: 0}
    - target: {fileID: 482054, guid: 11528ddb57db2d240b3fc40d3ea780ba, type: 3}
      propertyPath: m_RootOrder
      value: 0
      objectReference: {fileID: 0}
    - target: {fileID: 11436860, guid: 11528ddb57db2d240b3fc40d3ea780ba, type: 3}
      propertyPath: deck_cards.Array.size
      value: 0
      objectReference: {fileID: 0}
    - target: {fileID: 11436860, guid: 11528ddb57db2d240b3fc40d3ea780ba, type: 3}
      propertyPath: target_deck_cards.Array.size
      value: 0
      objectReference: {fileID: 0}
    - target: {fileID: 11436860, guid: 11528ddb57db2d240b3fc40d3ea780ba, type: 3}
      propertyPath: current_star_score.Array.size
      value: 0
      objectReference: {fileID: 0}
    - target: {fileID: 11436860, guid: 11528ddb57db2d240b3fc40d3ea780ba, type: 3}
      propertyPath: bonus_button_script.Array.size
      value: 0
      objectReference: {fileID: 0}
    - target: {fileID: 11436860, guid: 11528ddb57db2d240b3fc40d3ea780ba, type: 3}
      propertyPath: card_on_board_by_rank.Array.size
      value: 0
      objectReference: {fileID: 0}
    - target: {fileID: 11436860, guid: 11528ddb57db2d240b3fc40d3ea780ba, type: 3}
      propertyPath: all_cards_collected_in_this_board.Array.size
      value: 0
      objectReference: {fileID: 0}
    - target: {fileID: 11436860, guid: 11528ddb57db2d240b3fc40d3ea780ba, type: 3}
      propertyPath: editor_show_advanced
      value: 0
      objectReference: {fileID: 0}
    - target: {fileID: 11436860, guid: 11528ddb57db2d240b3fc40d3ea780ba, type: 3}
      propertyPath: main_rule_selected
      value: 0
      objectReference: {fileID: 0}
    - target: {fileID: 11436860, guid: 11528ddb57db2d240b3fc40d3ea780ba, type: 3}
      propertyPath: useMinimumAmountOfDecksToFillBoardAndBottomDeck
      value: 1
      objectReference: {fileID: 0}
    - target: {fileID: 11436860, guid: 11528ddb57db2d240b3fc40d3ea780ba, type: 3}
      propertyPath: first_card_is_always_useful
      value: 1
      objectReference: {fileID: 0}
    - target: {fileID: 11436860, guid: 11528ddb57db2d240b3fc40d3ea780ba, type: 3}
      propertyPath: editor_show_animations
      value: 1
      objectReference: {fileID: 0}
    - target: {fileID: 11436860, guid: 11528ddb57db2d240b3fc40d3ea780ba, type: 3}
      propertyPath: animation_duration
      value: 0.35
      objectReference: {fileID: 0}
    - target: {fileID: 11436860, guid: 11528ddb57db2d240b3fc40d3ea780ba, type: 3}
      propertyPath: rotation_duration
      value: 0.25
      objectReference: {fileID: 0}
    - target: {fileID: 11436860, guid: 11528ddb57db2d240b3fc40d3ea780ba, type: 3}
      propertyPath: bonus_button_script.Array.data[0]
      value: 
      objectReference: {fileID: 0}
    - target: {fileID: 11436860, guid: 11528ddb57db2d240b3fc40d3ea780ba, type: 3}
      propertyPath: bonus_button_script.Array.data[1]
      value: 
      objectReference: {fileID: 0}
    - target: {fileID: 11436860, guid: 11528ddb57db2d240b3fc40d3ea780ba, type: 3}
      propertyPath: bonus_button_script.Array.data[2]
      value: 
      objectReference: {fileID: 0}
    - target: {fileID: 11436860, guid: 11528ddb57db2d240b3fc40d3ea780ba, type: 3}
      propertyPath: bonus_button_script.Array.data[3]
      value: 
      objectReference: {fileID: 0}
    - target: {fileID: 11436860, guid: 11528ddb57db2d240b3fc40d3ea780ba, type: 3}
      propertyPath: undo_previous_score
      value: 0
      objectReference: {fileID: 0}
    - target: {fileID: 11436860, guid: 11528ddb57db2d240b3fc40d3ea780ba, type: 3}
      propertyPath: game_started
      value: 0
      objectReference: {fileID: 0}
    - target: {fileID: 11436860, guid: 11528ddb57db2d240b3fc40d3ea780ba, type: 3}
      propertyPath: player_can_move
      value: 0
      objectReference: {fileID: 0}
    - target: {fileID: 11436860, guid: 11528ddb57db2d240b3fc40d3ea780ba, type: 3}
      propertyPath: selected_card.suit
      value: -99
      objectReference: {fileID: 0}
    - target: {fileID: 11436860, guid: 11528ddb57db2d240b3fc40d3ea780ba, type: 3}
      propertyPath: selected_card.rank
      value: -99
      objectReference: {fileID: 0}
    - target: {fileID: 11436860, guid: 11528ddb57db2d240b3fc40d3ea780ba, type: 3}
      propertyPath: selected_card.board_card
      value: 
      objectReference: {fileID: 0}
    - target: {fileID: 11436860, guid: 11528ddb57db2d240b3fc40d3ea780ba, type: 3}
      propertyPath: current_deck_card.suit
      value: -99
      objectReference: {fileID: 0}
    - target: {fileID: 11436860, guid: 11528ddb57db2d240b3fc40d3ea780ba, type: 3}
      propertyPath: current_deck_card.rank
      value: -99
      objectReference: {fileID: 0}
    - target: {fileID: 11436860, guid: 11528ddb57db2d240b3fc40d3ea780ba, type: 3}
      propertyPath: current_deck_card.board_card
      value: 
      objectReference: {fileID: 0}
    - target: {fileID: 11436860, guid: 11528ddb57db2d240b3fc40d3ea780ba, type: 3}
      propertyPath: target_deck_scrip
      value: 
      objectReference: {fileID: 0}
    - target: {fileID: 11436860, guid: 11528ddb57db2d240b3fc40d3ea780ba, type: 3}
      propertyPath: deck_cards.Array.data[0].suit
      value: 3
      objectReference: {fileID: 0}
    - target: {fileID: 11436860, guid: 11528ddb57db2d240b3fc40d3ea780ba, type: 3}
      propertyPath: deck_cards.Array.data[0].rank
      value: 1
      objectReference: {fileID: 0}
    - target: {fileID: 11436860, guid: 11528ddb57db2d240b3fc40d3ea780ba, type: 3}
      propertyPath: deck_cards.Array.data[0].collectable_bonus_selected
      value: -1
      objectReference: {fileID: 0}
    - target: {fileID: 11436860, guid: 11528ddb57db2d240b3fc40d3ea780ba, type: 3}
      propertyPath: deck_cards.Array.data[1].suit
      value: 2
      objectReference: {fileID: 0}
    - target: {fileID: 11436860, guid: 11528ddb57db2d240b3fc40d3ea780ba, type: 3}
      propertyPath: deck_cards.Array.data[1].rank
      value: 6
      objectReference: {fileID: 0}
    - target: {fileID: 11436860, guid: 11528ddb57db2d240b3fc40d3ea780ba, type: 3}
      propertyPath: deck_cards.Array.data[1].collectable_bonus_selected
      value: -1
      objectReference: {fileID: 0}
    - target: {fileID: 11436860, guid: 11528ddb57db2d240b3fc40d3ea780ba, type: 3}
      propertyPath: deck_cards.Array.data[2].suit
      value: 3
      objectReference: {fileID: 0}
    - target: {fileID: 11436860, guid: 11528ddb57db2d240b3fc40d3ea780ba, type: 3}
      propertyPath: deck_cards.Array.data[2].rank
      value: 2
      objectReference: {fileID: 0}
    - target: {fileID: 11436860, guid: 11528ddb57db2d240b3fc40d3ea780ba, type: 3}
      propertyPath: deck_cards.Array.data[2].collectable_bonus_selected
      value: -1
      objectReference: {fileID: 0}
    - target: {fileID: 11436860, guid: 11528ddb57db2d240b3fc40d3ea780ba, type: 3}
      propertyPath: deck_cards.Array.data[3].suit
      value: 1
      objectReference: {fileID: 0}
    - target: {fileID: 11436860, guid: 11528ddb57db2d240b3fc40d3ea780ba, type: 3}
      propertyPath: deck_cards.Array.data[3].rank
      value: 4
      objectReference: {fileID: 0}
    - target: {fileID: 11436860, guid: 11528ddb57db2d240b3fc40d3ea780ba, type: 3}
      propertyPath: deck_cards.Array.data[3].collectable_bonus_selected
      value: -1
      objectReference: {fileID: 0}
    - target: {fileID: 11436860, guid: 11528ddb57db2d240b3fc40d3ea780ba, type: 3}
      propertyPath: deck_cards.Array.data[4].suit
      value: 2
      objectReference: {fileID: 0}
    - target: {fileID: 11436860, guid: 11528ddb57db2d240b3fc40d3ea780ba, type: 3}
      propertyPath: deck_cards.Array.data[4].rank
      value: 10
      objectReference: {fileID: 0}
    - target: {fileID: 11436860, guid: 11528ddb57db2d240b3fc40d3ea780ba, type: 3}
      propertyPath: deck_cards.Array.data[4].collectable_bonus_selected
      value: -1
      objectReference: {fileID: 0}
    - target: {fileID: 11436860, guid: 11528ddb57db2d240b3fc40d3ea780ba, type: 3}
      propertyPath: deck_cards.Array.data[5].rank
      value: 3
      objectReference: {fileID: 0}
    - target: {fileID: 11436860, guid: 11528ddb57db2d240b3fc40d3ea780ba, type: 3}
      propertyPath: deck_cards.Array.data[5].collectable_bonus_selected
      value: -1
      objectReference: {fileID: 0}
    - target: {fileID: 11436860, guid: 11528ddb57db2d240b3fc40d3ea780ba, type: 3}
      propertyPath: deck_cards.Array.data[6].suit
      value: 1
      objectReference: {fileID: 0}
    - target: {fileID: 11436860, guid: 11528ddb57db2d240b3fc40d3ea780ba, type: 3}
      propertyPath: deck_cards.Array.data[6].rank
      value: 8
      objectReference: {fileID: 0}
    - target: {fileID: 11436860, guid: 11528ddb57db2d240b3fc40d3ea780ba, type: 3}
      propertyPath: deck_cards.Array.data[6].collectable_bonus_selected
      value: -1
      objectReference: {fileID: 0}
    - target: {fileID: 11436860, guid: 11528ddb57db2d240b3fc40d3ea780ba, type: 3}
      propertyPath: deck_cards.Array.data[7].suit
      value: 1
      objectReference: {fileID: 0}
    - target: {fileID: 11436860, guid: 11528ddb57db2d240b3fc40d3ea780ba, type: 3}
      propertyPath: deck_cards.Array.data[7].rank
      value: 8
      objectReference: {fileID: 0}
    - target: {fileID: 11436860, guid: 11528ddb57db2d240b3fc40d3ea780ba, type: 3}
      propertyPath: deck_cards.Array.data[7].collectable_bonus_selected
      value: -1
      objectReference: {fileID: 0}
    - target: {fileID: 11436860, guid: 11528ddb57db2d240b3fc40d3ea780ba, type: 3}
      propertyPath: deck_cards.Array.data[8].suit
      value: 3
      objectReference: {fileID: 0}
    - target: {fileID: 11436860, guid: 11528ddb57db2d240b3fc40d3ea780ba, type: 3}
      propertyPath: deck_cards.Array.data[8].rank
      value: 9
      objectReference: {fileID: 0}
    - target: {fileID: 11436860, guid: 11528ddb57db2d240b3fc40d3ea780ba, type: 3}
      propertyPath: deck_cards.Array.data[8].collectable_bonus_selected
      value: -1
      objectReference: {fileID: 0}
    - target: {fileID: 11436860, guid: 11528ddb57db2d240b3fc40d3ea780ba, type: 3}
      propertyPath: deck_cards.Array.data[9].suit
      value: 1
      objectReference: {fileID: 0}
    - target: {fileID: 11436860, guid: 11528ddb57db2d240b3fc40d3ea780ba, type: 3}
      propertyPath: deck_cards.Array.data[9].rank
      value: 11
      objectReference: {fileID: 0}
    - target: {fileID: 11436860, guid: 11528ddb57db2d240b3fc40d3ea780ba, type: 3}
      propertyPath: deck_cards.Array.data[9].collectable_bonus_selected
      value: -1
      objectReference: {fileID: 0}
    - target: {fileID: 11436860, guid: 11528ddb57db2d240b3fc40d3ea780ba, type: 3}
      propertyPath: deck_cards.Array.data[10].suit
      value: 1
      objectReference: {fileID: 0}
    - target: {fileID: 11436860, guid: 11528ddb57db2d240b3fc40d3ea780ba, type: 3}
      propertyPath: deck_cards.Array.data[10].rank
      value: 6
      objectReference: {fileID: 0}
    - target: {fileID: 11436860, guid: 11528ddb57db2d240b3fc40d3ea780ba, type: 3}
      propertyPath: deck_cards.Array.data[10].collectable_bonus_selected
      value: -1
      objectReference: {fileID: 0}
    - target: {fileID: 11436860, guid: 11528ddb57db2d240b3fc40d3ea780ba, type: 3}
      propertyPath: deck_cards.Array.data[11].suit
      value: 2
      objectReference: {fileID: 0}
    - target: {fileID: 11436860, guid: 11528ddb57db2d240b3fc40d3ea780ba, type: 3}
      propertyPath: deck_cards.Array.data[11].rank
      value: 8
      objectReference: {fileID: 0}
    - target: {fileID: 11436860, guid: 11528ddb57db2d240b3fc40d3ea780ba, type: 3}
      propertyPath: deck_cards.Array.data[11].collectable_bonus_selected
      value: -1
      objectReference: {fileID: 0}
    - target: {fileID: 11436860, guid: 11528ddb57db2d240b3fc40d3ea780ba, type: 3}
      propertyPath: deck_cards.Array.data[12].rank
      value: 4
      objectReference: {fileID: 0}
    - target: {fileID: 11436860, guid: 11528ddb57db2d240b3fc40d3ea780ba, type: 3}
      propertyPath: deck_cards.Array.data[12].collectable_bonus_selected
      value: -1
      objectReference: {fileID: 0}
    - target: {fileID: 11436860, guid: 11528ddb57db2d240b3fc40d3ea780ba, type: 3}
      propertyPath: deck_cards.Array.data[13].rank
      value: 11
      objectReference: {fileID: 0}
    - target: {fileID: 11436860, guid: 11528ddb57db2d240b3fc40d3ea780ba, type: 3}
      propertyPath: deck_cards.Array.data[13].collectable_bonus_selected
      value: -1
      objectReference: {fileID: 0}
    - target: {fileID: 11436860, guid: 11528ddb57db2d240b3fc40d3ea780ba, type: 3}
      propertyPath: deck_cards.Array.data[14].suit
      value: 2
      objectReference: {fileID: 0}
    - target: {fileID: 11436860, guid: 11528ddb57db2d240b3fc40d3ea780ba, type: 3}
      propertyPath: deck_cards.Array.data[14].collectable_bonus_selected
      value: -1
      objectReference: {fileID: 0}
    - target: {fileID: 11436860, guid: 11528ddb57db2d240b3fc40d3ea780ba, type: 3}
      propertyPath: deck_cards.Array.data[15].suit
      value: 1
      objectReference: {fileID: 0}
    - target: {fileID: 11436860, guid: 11528ddb57db2d240b3fc40d3ea780ba, type: 3}
      propertyPath: deck_cards.Array.data[15].collectable_bonus_selected
      value: -1
      objectReference: {fileID: 0}
    - target: {fileID: 11436860, guid: 11528ddb57db2d240b3fc40d3ea780ba, type: 3}
      propertyPath: deck_cards.Array.data[16].suit
      value: 1
      objectReference: {fileID: 0}
    - target: {fileID: 11436860, guid: 11528ddb57db2d240b3fc40d3ea780ba, type: 3}
      propertyPath: deck_cards.Array.data[16].rank
      value: 12
      objectReference: {fileID: 0}
    - target: {fileID: 11436860, guid: 11528ddb57db2d240b3fc40d3ea780ba, type: 3}
      propertyPath: deck_cards.Array.data[16].collectable_bonus_selected
      value: -1
      objectReference: {fileID: 0}
    - target: {fileID: 11436860, guid: 11528ddb57db2d240b3fc40d3ea780ba, type: 3}
      propertyPath: deck_cards.Array.data[17].rank
      value: 6
      objectReference: {fileID: 0}
    - target: {fileID: 11436860, guid: 11528ddb57db2d240b3fc40d3ea780ba, type: 3}
      propertyPath: deck_cards.Array.data[17].collectable_bonus_selected
      value: -1
      objectReference: {fileID: 0}
    - target: {fileID: 11436860, guid: 11528ddb57db2d240b3fc40d3ea780ba, type: 3}
      propertyPath: deck_cards.Array.data[18].suit
      value: 1
      objectReference: {fileID: 0}
    - target: {fileID: 11436860, guid: 11528ddb57db2d240b3fc40d3ea780ba, type: 3}
      propertyPath: deck_cards.Array.data[18].rank
      value: 9
      objectReference: {fileID: 0}
    - target: {fileID: 11436860, guid: 11528ddb57db2d240b3fc40d3ea780ba, type: 3}
      propertyPath: deck_cards.Array.data[18].collectable_bonus_selected
      value: -1
      objectReference: {fileID: 0}
    - target: {fileID: 11436860, guid: 11528ddb57db2d240b3fc40d3ea780ba, type: 3}
      propertyPath: deck_cards.Array.data[19].rank
      value: 8
      objectReference: {fileID: 0}
    - target: {fileID: 11436860, guid: 11528ddb57db2d240b3fc40d3ea780ba, type: 3}
      propertyPath: deck_cards.Array.data[19].collectable_bonus_selected
      value: -1
      objectReference: {fileID: 0}
    - target: {fileID: 11436860, guid: 11528ddb57db2d240b3fc40d3ea780ba, type: 3}
      propertyPath: target_deck_cards.Array.data[0].suit
      value: 3
      objectReference: {fileID: 0}
    - target: {fileID: 11436860, guid: 11528ddb57db2d240b3fc40d3ea780ba, type: 3}
      propertyPath: target_deck_cards.Array.data[0].rank
      value: 1
      objectReference: {fileID: 0}
    - target: {fileID: 11436860, guid: 11528ddb57db2d240b3fc40d3ea780ba, type: 3}
      propertyPath: target_deck_cards.Array.data[0].collectable_bonus_selected
      value: -1
      objectReference: {fileID: 0}
    - target: {fileID: 11436860, guid: 11528ddb57db2d240b3fc40d3ea780ba, type: 3}
      propertyPath: target_deck_cards.Array.data[1].suit
      value: 3
      objectReference: {fileID: 0}
    - target: {fileID: 11436860, guid: 11528ddb57db2d240b3fc40d3ea780ba, type: 3}
      propertyPath: target_deck_cards.Array.data[1].collectable_bonus_selected
      value: -1
      objectReference: {fileID: 0}
    - target: {fileID: 11436860, guid: 11528ddb57db2d240b3fc40d3ea780ba, type: 3}
      propertyPath: target_deck_cards.Array.data[1].joker_type_selected
      value: 3
      objectReference: {fileID: 0}
    - target: {fileID: 11436860, guid: 11528ddb57db2d240b3fc40d3ea780ba, type: 3}
      propertyPath: target_deck_cards.Array.data[2].suit
      value: 2
      objectReference: {fileID: 0}
    - target: {fileID: 11436860, guid: 11528ddb57db2d240b3fc40d3ea780ba, type: 3}
      propertyPath: target_deck_cards.Array.data[2].rank
      value: 1
      objectReference: {fileID: 0}
    - target: {fileID: 11436860, guid: 11528ddb57db2d240b3fc40d3ea780ba, type: 3}
      propertyPath: target_deck_cards.Array.data[2].collectable_bonus_selected
      value: -1
      objectReference: {fileID: 0}
    - target: {fileID: 11436860, guid: 11528ddb57db2d240b3fc40d3ea780ba, type: 3}
      propertyPath: board
      value: 
      objectReference: {fileID: 1966362214}
    - target: {fileID: 11436860, guid: 11528ddb57db2d240b3fc40d3ea780ba, type: 3}
      propertyPath: current_total_card_on_board
      value: 0
      objectReference: {fileID: 0}
    - target: {fileID: 11436860, guid: 11528ddb57db2d240b3fc40d3ea780ba, type: 3}
      propertyPath: current_total_padlock_hp_on_board
      value: 0
      objectReference: {fileID: 0}
    - target: {fileID: 11436860, guid: 11528ddb57db2d240b3fc40d3ea780ba, type: 3}
      propertyPath: max_number_of_card_with_the_same_rank_on_board
      value: 0
      objectReference: {fileID: 0}
    - target: {fileID: 11436860, guid: 11528ddb57db2d240b3fc40d3ea780ba, type: 3}
      propertyPath: card_on_board_by_rank.Array.data[1]
      value: 2
      objectReference: {fileID: 0}
    - target: {fileID: 11436860, guid: 11528ddb57db2d240b3fc40d3ea780ba, type: 3}
      propertyPath: card_on_board_by_rank.Array.data[2]
      value: 1
      objectReference: {fileID: 0}
    - target: {fileID: 11436860, guid: 11528ddb57db2d240b3fc40d3ea780ba, type: 3}
      propertyPath: card_on_board_by_rank.Array.data[3]
      value: 2
      objectReference: {fileID: 0}
    - target: {fileID: 11436860, guid: 11528ddb57db2d240b3fc40d3ea780ba, type: 3}
      propertyPath: card_on_board_by_rank.Array.data[4]
      value: 1
      objectReference: {fileID: 0}
    - target: {fileID: 11436860, guid: 11528ddb57db2d240b3fc40d3ea780ba, type: 3}
      propertyPath: card_on_board_by_rank.Array.data[5]
      value: 1
      objectReference: {fileID: 0}
    - target: {fileID: 11436860, guid: 11528ddb57db2d240b3fc40d3ea780ba, type: 3}
      propertyPath: card_on_board_by_rank.Array.data[8]
      value: 1
      objectReference: {fileID: 0}
    - target: {fileID: 11436860, guid: 11528ddb57db2d240b3fc40d3ea780ba, type: 3}
      propertyPath: card_on_board_by_rank.Array.data[11]
      value: 1
      objectReference: {fileID: 0}
    - target: {fileID: 11436860, guid: 11528ddb57db2d240b3fc40d3ea780ba, type: 3}
      propertyPath: lastest_deactivate_board_card
      value: 
      objectReference: {fileID: 0}
    - target: {fileID: 11436860, guid: 11528ddb57db2d240b3fc40d3ea780ba, type: 3}
      propertyPath: current_last_move
      value: 0
      objectReference: {fileID: 0}
    - target: {fileID: 11436860, guid: 11528ddb57db2d240b3fc40d3ea780ba, type: 3}
      propertyPath: ghost_card_SpriteRenderer
      value: 
      objectReference: {fileID: 0}
    - target: {fileID: 11436860, guid: 11528ddb57db2d240b3fc40d3ea780ba, type: 3}
      propertyPath: deck_cards.Array.data[5].suit
      value: 1
      objectReference: {fileID: 0}
    - target: {fileID: 11436860, guid: 11528ddb57db2d240b3fc40d3ea780ba, type: 3}
      propertyPath: deck_cards.Array.data[12].suit
      value: 2
      objectReference: {fileID: 0}
    - target: {fileID: 11436860, guid: 11528ddb57db2d240b3fc40d3ea780ba, type: 3}
      propertyPath: deck_cards.Array.data[13].suit
      value: 2
      objectReference: {fileID: 0}
    - target: {fileID: 11436860, guid: 11528ddb57db2d240b3fc40d3ea780ba, type: 3}
      propertyPath: deck_cards.Array.data[14].rank
      value: 11
      objectReference: {fileID: 0}
    - target: {fileID: 11436860, guid: 11528ddb57db2d240b3fc40d3ea780ba, type: 3}
      propertyPath: deck_cards.Array.data[15].rank
      value: 6
      objectReference: {fileID: 0}
    - target: {fileID: 11436860, guid: 11528ddb57db2d240b3fc40d3ea780ba, type: 3}
      propertyPath: deck_cards.Array.data[17].suit
      value: 2
      objectReference: {fileID: 0}
    - target: {fileID: 11436860, guid: 11528ddb57db2d240b3fc40d3ea780ba, type: 3}
      propertyPath: deck_cards.Array.data[19].suit
      value: 2
      objectReference: {fileID: 0}
    - target: {fileID: 11436860, guid: 11528ddb57db2d240b3fc40d3ea780ba, type: 3}
      propertyPath: target_deck_cards.Array.data[3].rank
      value: 2
      objectReference: {fileID: 0}
    - target: {fileID: 11436860, guid: 11528ddb57db2d240b3fc40d3ea780ba, type: 3}
      propertyPath: target_deck_cards.Array.data[3].collectable_bonus_selected
      value: -1
      objectReference: {fileID: 0}
    - target: {fileID: 11436860, guid: 11528ddb57db2d240b3fc40d3ea780ba, type: 3}
      propertyPath: card_on_board_by_rank.Array.data[7]
      value: 2
      objectReference: {fileID: 0}
    - target: {fileID: 11436860, guid: 11528ddb57db2d240b3fc40d3ea780ba, type: 3}
      propertyPath: card_on_board_by_rank.Array.data[9]
      value: 1
      objectReference: {fileID: 0}
    - target: {fileID: 11436860, guid: 11528ddb57db2d240b3fc40d3ea780ba, type: 3}
      propertyPath: card_on_board_by_rank.Array.data[10]
      value: 3
      objectReference: {fileID: 0}
    - target: {fileID: 11436860, guid: 11528ddb57db2d240b3fc40d3ea780ba, type: 3}
      propertyPath: card_on_board_by_rank.Array.data[12]
      value: 1
      objectReference: {fileID: 0}
    - target: {fileID: 11436860, guid: 11528ddb57db2d240b3fc40d3ea780ba, type: 3}
      propertyPath: selected_card.joker_type_selected
      value: 0
      objectReference: {fileID: 0}
    - target: {fileID: 11436860, guid: 11528ddb57db2d240b3fc40d3ea780ba, type: 3}
      propertyPath: current_deck_card.joker_type_selected
      value: 0
      objectReference: {fileID: 0}
    - target: {fileID: 11436860, guid: 11528ddb57db2d240b3fc40d3ea780ba, type: 3}
      propertyPath: target_deck_cards.Array.data[1].rank
      value: 2
      objectReference: {fileID: 0}
    - target: {fileID: 11436860, guid: 11528ddb57db2d240b3fc40d3ea780ba, type: 3}
      propertyPath: target_deck_cards.Array.data[2].joker_type_selected
      value: 2
      objectReference: {fileID: 0}
    - target: {fileID: 11436860, guid: 11528ddb57db2d240b3fc40d3ea780ba, type: 3}
      propertyPath: card_on_board_by_rank.Array.data[6]
      value: 1
      objectReference: {fileID: 0}
    - target: {fileID: 11436860, guid: 11528ddb57db2d240b3fc40d3ea780ba, type: 3}
      propertyPath: deck_card_left
      value: 20
      objectReference: {fileID: 0}
    - target: {fileID: 11436860, guid: 11528ddb57db2d240b3fc40d3ea780ba, type: 3}
      propertyPath: target_deck_cards.Array.data[3].suit
      value: 101
      objectReference: {fileID: 0}
    - target: {fileID: 11436860, guid: 11528ddb57db2d240b3fc40d3ea780ba, type: 3}
      propertyPath: target_deck_cards.Array.data[3].joker_type_selected
      value: 2
      objectReference: {fileID: 0}
    - target: {fileID: 11436860, guid: 11528ddb57db2d240b3fc40d3ea780ba, type: 3}
      propertyPath: target_deck_cards.Array.data[4].suit
      value: 3
      objectReference: {fileID: 0}
    - target: {fileID: 11436860, guid: 11528ddb57db2d240b3fc40d3ea780ba, type: 3}
      propertyPath: target_deck_cards.Array.data[4].rank
      value: 11
      objectReference: {fileID: 0}
    - target: {fileID: 11436860, guid: 11528ddb57db2d240b3fc40d3ea780ba, type: 3}
      propertyPath: target_deck_cards.Array.data[4].collectable_bonus_selected
      value: -1
      objectReference: {fileID: 0}
    - target: {fileID: 11436860, guid: 11528ddb57db2d240b3fc40d3ea780ba, type: 3}
      propertyPath: target_deck_cards.Array.data[5].suit
      value: 3
      objectReference: {fileID: 0}
    - target: {fileID: 11436860, guid: 11528ddb57db2d240b3fc40d3ea780ba, type: 3}
      propertyPath: target_deck_cards.Array.data[5].rank
      value: 12
      objectReference: {fileID: 0}
    - target: {fileID: 11436860, guid: 11528ddb57db2d240b3fc40d3ea780ba, type: 3}
      propertyPath: target_deck_cards.Array.data[5].collectable_bonus_selected
      value: -1
      objectReference: {fileID: 0}
    - target: {fileID: 11436860, guid: 11528ddb57db2d240b3fc40d3ea780ba, type: 3}
      propertyPath: target_deck_cards.Array.data[6].suit
      value: 2
      objectReference: {fileID: 0}
    - target: {fileID: 11436860, guid: 11528ddb57db2d240b3fc40d3ea780ba, type: 3}
      propertyPath: target_deck_cards.Array.data[6].collectable_bonus_selected
      value: -1
      objectReference: {fileID: 0}
    - target: {fileID: 11436860, guid: 11528ddb57db2d240b3fc40d3ea780ba, type: 3}
      propertyPath: target_deck_cards.Array.data[7].suit
      value: 3
      objectReference: {fileID: 0}
    - target: {fileID: 11436860, guid: 11528ddb57db2d240b3fc40d3ea780ba, type: 3}
      propertyPath: target_deck_cards.Array.data[7].rank
      value: 2
      objectReference: {fileID: 0}
    - target: {fileID: 11436860, guid: 11528ddb57db2d240b3fc40d3ea780ba, type: 3}
      propertyPath: target_deck_cards.Array.data[7].collectable_bonus_selected
      value: -1
      objectReference: {fileID: 0}
    - target: {fileID: 11436860, guid: 11528ddb57db2d240b3fc40d3ea780ba, type: 3}
      propertyPath: target_deck_cards.Array.data[8].rank
      value: 4
      objectReference: {fileID: 0}
    - target: {fileID: 11436860, guid: 11528ddb57db2d240b3fc40d3ea780ba, type: 3}
      propertyPath: target_deck_cards.Array.data[8].collectable_bonus_selected
      value: -1
      objectReference: {fileID: 0}
    - target: {fileID: 11436860, guid: 11528ddb57db2d240b3fc40d3ea780ba, type: 3}
      propertyPath: target_deck_cards.Array.data[9].suit
      value: 2
      objectReference: {fileID: 0}
    - target: {fileID: 11436860, guid: 11528ddb57db2d240b3fc40d3ea780ba, type: 3}
      propertyPath: target_deck_cards.Array.data[9].rank
      value: 10
      objectReference: {fileID: 0}
    - target: {fileID: 11436860, guid: 11528ddb57db2d240b3fc40d3ea780ba, type: 3}
      propertyPath: target_deck_cards.Array.data[9].collectable_bonus_selected
      value: -1
      objectReference: {fileID: 0}
    - target: {fileID: 11436860, guid: 11528ddb57db2d240b3fc40d3ea780ba, type: 3}
      propertyPath: target_deck_cards.Array.data[10].suit
      value: 1
      objectReference: {fileID: 0}
    - target: {fileID: 11436860, guid: 11528ddb57db2d240b3fc40d3ea780ba, type: 3}
      propertyPath: target_deck_cards.Array.data[10].rank
      value: 3
      objectReference: {fileID: 0}
    - target: {fileID: 11436860, guid: 11528ddb57db2d240b3fc40d3ea780ba, type: 3}
      propertyPath: target_deck_cards.Array.data[10].collectable_bonus_selected
      value: -1
      objectReference: {fileID: 0}
    - target: {fileID: 11436860, guid: 11528ddb57db2d240b3fc40d3ea780ba, type: 3}
      propertyPath: target_deck_cards.Array.data[11].suit
      value: 1
      objectReference: {fileID: 0}
    - target: {fileID: 11436860, guid: 11528ddb57db2d240b3fc40d3ea780ba, type: 3}
      propertyPath: target_deck_cards.Array.data[11].collectable_bonus_selected
      value: -1
      objectReference: {fileID: 0}
    - target: {fileID: 11436860, guid: 11528ddb57db2d240b3fc40d3ea780ba, type: 3}
      propertyPath: target_deck_cards.Array.data[12].suit
      value: 1
      objectReference: {fileID: 0}
    - target: {fileID: 11436860, guid: 11528ddb57db2d240b3fc40d3ea780ba, type: 3}
      propertyPath: target_deck_cards.Array.data[12].rank
      value: 8
      objectReference: {fileID: 0}
    - target: {fileID: 11436860, guid: 11528ddb57db2d240b3fc40d3ea780ba, type: 3}
      propertyPath: target_deck_cards.Array.data[12].collectable_bonus_selected
      value: -1
      objectReference: {fileID: 0}
    - target: {fileID: 11436860, guid: 11528ddb57db2d240b3fc40d3ea780ba, type: 3}
      propertyPath: target_deck_cards.Array.data[13].suit
      value: 3
      objectReference: {fileID: 0}
    - target: {fileID: 11436860, guid: 11528ddb57db2d240b3fc40d3ea780ba, type: 3}
      propertyPath: target_deck_cards.Array.data[13].rank
      value: 9
      objectReference: {fileID: 0}
    - target: {fileID: 11436860, guid: 11528ddb57db2d240b3fc40d3ea780ba, type: 3}
      propertyPath: target_deck_cards.Array.data[13].collectable_bonus_selected
      value: -1
      objectReference: {fileID: 0}
    - target: {fileID: 11436860, guid: 11528ddb57db2d240b3fc40d3ea780ba, type: 3}
      propertyPath: target_deck_cards.Array.data[14].suit
      value: 1
      objectReference: {fileID: 0}
    - target: {fileID: 11436860, guid: 11528ddb57db2d240b3fc40d3ea780ba, type: 3}
      propertyPath: target_deck_cards.Array.data[14].rank
      value: 11
      objectReference: {fileID: 0}
    - target: {fileID: 11436860, guid: 11528ddb57db2d240b3fc40d3ea780ba, type: 3}
      propertyPath: target_deck_cards.Array.data[14].collectable_bonus_selected
      value: -1
      objectReference: {fileID: 0}
    - target: {fileID: 11436860, guid: 11528ddb57db2d240b3fc40d3ea780ba, type: 3}
      propertyPath: target_deck_cards.Array.data[15].suit
      value: 1
      objectReference: {fileID: 0}
    - target: {fileID: 11436860, guid: 11528ddb57db2d240b3fc40d3ea780ba, type: 3}
      propertyPath: target_deck_cards.Array.data[15].rank
      value: 6
      objectReference: {fileID: 0}
    - target: {fileID: 11436860, guid: 11528ddb57db2d240b3fc40d3ea780ba, type: 3}
      propertyPath: target_deck_cards.Array.data[15].collectable_bonus_selected
      value: -1
      objectReference: {fileID: 0}
    - target: {fileID: 11436860, guid: 11528ddb57db2d240b3fc40d3ea780ba, type: 3}
      propertyPath: target_deck_cards.Array.data[16].rank
      value: 8
      objectReference: {fileID: 0}
    - target: {fileID: 11436860, guid: 11528ddb57db2d240b3fc40d3ea780ba, type: 3}
      propertyPath: target_deck_cards.Array.data[16].collectable_bonus_selected
      value: -1
      objectReference: {fileID: 0}
    - target: {fileID: 11436860, guid: 11528ddb57db2d240b3fc40d3ea780ba, type: 3}
      propertyPath: target_deck_cards.Array.data[17].suit
      value: 2
      objectReference: {fileID: 0}
    - target: {fileID: 11436860, guid: 11528ddb57db2d240b3fc40d3ea780ba, type: 3}
      propertyPath: target_deck_cards.Array.data[17].rank
      value: 4
      objectReference: {fileID: 0}
    - target: {fileID: 11436860, guid: 11528ddb57db2d240b3fc40d3ea780ba, type: 3}
      propertyPath: target_deck_cards.Array.data[17].collectable_bonus_selected
      value: -1
      objectReference: {fileID: 0}
    - target: {fileID: 11436860, guid: 11528ddb57db2d240b3fc40d3ea780ba, type: 3}
      propertyPath: target_deck_cards.Array.data[18].suit
      value: 2
      objectReference: {fileID: 0}
    - target: {fileID: 11436860, guid: 11528ddb57db2d240b3fc40d3ea780ba, type: 3}
      propertyPath: target_deck_cards.Array.data[18].rank
      value: 11
      objectReference: {fileID: 0}
    - target: {fileID: 11436860, guid: 11528ddb57db2d240b3fc40d3ea780ba, type: 3}
      propertyPath: target_deck_cards.Array.data[18].collectable_bonus_selected
      value: -1
      objectReference: {fileID: 0}
    - target: {fileID: 11436860, guid: 11528ddb57db2d240b3fc40d3ea780ba, type: 3}
      propertyPath: target_deck_cards.Array.data[19].rank
      value: 11
      objectReference: {fileID: 0}
    - target: {fileID: 11436860, guid: 11528ddb57db2d240b3fc40d3ea780ba, type: 3}
      propertyPath: target_deck_cards.Array.data[19].collectable_bonus_selected
      value: -1
      objectReference: {fileID: 0}
    - target: {fileID: 11436860, guid: 11528ddb57db2d240b3fc40d3ea780ba, type: 3}
      propertyPath: target_deck_cards.Array.data[20].rank
      value: 6
      objectReference: {fileID: 0}
    - target: {fileID: 11436860, guid: 11528ddb57db2d240b3fc40d3ea780ba, type: 3}
      propertyPath: target_deck_cards.Array.data[20].collectable_bonus_selected
      value: -1
      objectReference: {fileID: 0}
    - target: {fileID: 11436860, guid: 11528ddb57db2d240b3fc40d3ea780ba, type: 3}
      propertyPath: target_deck_cards.Array.data[21].suit
      value: 1
      objectReference: {fileID: 0}
    - target: {fileID: 11436860, guid: 11528ddb57db2d240b3fc40d3ea780ba, type: 3}
      propertyPath: target_deck_cards.Array.data[21].rank
      value: 12
      objectReference: {fileID: 0}
    - target: {fileID: 11436860, guid: 11528ddb57db2d240b3fc40d3ea780ba, type: 3}
      propertyPath: target_deck_cards.Array.data[21].collectable_bonus_selected
      value: -1
      objectReference: {fileID: 0}
    - target: {fileID: 11436860, guid: 11528ddb57db2d240b3fc40d3ea780ba, type: 3}
      propertyPath: editor_show_score_rules
      value: 0
      objectReference: {fileID: 0}
    - target: {fileID: 11436860, guid: 11528ddb57db2d240b3fc40d3ea780ba, type: 3}
      propertyPath: editor_show_wild_cards_rules
      value: 1
      objectReference: {fileID: 0}
    - target: {fileID: 11436860, guid: 11528ddb57db2d240b3fc40d3ea780ba, type: 3}
      propertyPath: max_wild_cards_in_wild_deck
      value: 8
      objectReference: {fileID: 0}
    - target: {fileID: 22400074, guid: 11528ddb57db2d240b3fc40d3ea780ba, type: 3}
      propertyPath: m_SizeDelta.x
      value: 0
      objectReference: {fileID: 0}
    - target: {fileID: 22400074, guid: 11528ddb57db2d240b3fc40d3ea780ba, type: 3}
      propertyPath: m_SizeDelta.y
      value: 0
      objectReference: {fileID: 0}
    - target: {fileID: 22405174, guid: 11528ddb57db2d240b3fc40d3ea780ba, type: 3}
      propertyPath: m_AnchoredPosition.x
      value: -220.09961
      objectReference: {fileID: 0}
    - target: {fileID: 22417460, guid: 11528ddb57db2d240b3fc40d3ea780ba, type: 3}
      propertyPath: m_AnchoredPosition.x
      value: 0
      objectReference: {fileID: 0}
    - target: {fileID: 22425106, guid: 11528ddb57db2d240b3fc40d3ea780ba, type: 3}
      propertyPath: m_AnchoredPosition.x
      value: 0
      objectReference: {fileID: 0}
    - target: {fileID: 22429252, guid: 11528ddb57db2d240b3fc40d3ea780ba, type: 3}
      propertyPath: m_AnchoredPosition.x
      value: 0
      objectReference: {fileID: 0}
    - target: {fileID: 22429262, guid: 11528ddb57db2d240b3fc40d3ea780ba, type: 3}
      propertyPath: m_AnchorMax.x
      value: 0
      objectReference: {fileID: 0}
    - target: {fileID: 22429262, guid: 11528ddb57db2d240b3fc40d3ea780ba, type: 3}
      propertyPath: m_AnchorMax.y
      value: 0
      objectReference: {fileID: 0}
    - target: {fileID: 22438844, guid: 11528ddb57db2d240b3fc40d3ea780ba, type: 3}
      propertyPath: m_AnchoredPosition.x
      value: 0
      objectReference: {fileID: 0}
    - target: {fileID: 22463074, guid: 11528ddb57db2d240b3fc40d3ea780ba, type: 3}
      propertyPath: m_AnchoredPosition.x
      value: 0
      objectReference: {fileID: 0}
    - target: {fileID: 22486350, guid: 11528ddb57db2d240b3fc40d3ea780ba, type: 3}
      propertyPath: m_AnchoredPosition.x
      value: 0
      objectReference: {fileID: 0}
    - target: {fileID: 22495430, guid: 11528ddb57db2d240b3fc40d3ea780ba, type: 3}
      propertyPath: m_AnchorMax.x
      value: 0
      objectReference: {fileID: 0}
    - target: {fileID: 22495430, guid: 11528ddb57db2d240b3fc40d3ea780ba, type: 3}
      propertyPath: m_AnchorMax.y
      value: 0
      objectReference: {fileID: 0}
    m_RemovedComponents: []
  m_SourcePrefab: {fileID: 100100000, guid: 11528ddb57db2d240b3fc40d3ea780ba, type: 3}
--- !u!4 &1966362214 stripped
Transform:
  m_CorrespondingSourceObject: {fileID: 415064, guid: 11528ddb57db2d240b3fc40d3ea780ba,
    type: 3}
  m_PrefabInstance: {fileID: 1901556739}
  m_PrefabAsset: {fileID: 0}
